<?xml version="1.0" encoding="UTF-8"?><collection xmlns="http://www.loc.gov/MARC21/slim"><record><leader>00512nam--2200169-i-4500</leader><controlfield tag="001">000036240</controlfield><controlfield tag="002">20161230</controlfield><controlfield tag="005">20161230201040</controlfield><controlfield tag="008">060222s1000------------r-----000-0-eng-d</controlfield><datafield ind1=" " ind2=" " tag="040"><subfield code="a">IFIN-HH</subfield></datafield><datafield ind1=" " ind2=" " tag="080"><subfield code="a">539.2</subfield></datafield><datafield ind1="1" ind2=" " tag="100"><subfield code="a">O`Reilly,Thomas John</subfield></datafield><datafield ind1="1" ind2="0" tag="245"><subfield code="a">Ligand field theory for trigonally distorted oxide complexes</subfield><subfield code="b">Dissertation</subfield><subfield code="c">Thomas john o'reiley</subfield></datafield><datafield ind1=" " ind2=" " tag="260"><subfield code="a">Ann Arbor, Michigan</subfield><subfield code="b">University Microfilms, Inc</subfield><subfield code="c">1970</subfield></datafield><datafield ind1=" " ind2=" " tag="300"><subfield code="a">72P.+TBL.+FIG</subfield></datafield><datafield ind1=" " ind2=" " tag="852"><subfield code="a">36082</subfield><subfield code="c">539.2</subfield></datafield><datafield ind1=" " ind2=" " tag="CAT"><subfield code="a">Sys</subfield><subfield code="c">20121019</subfield><subfield code="h">135328</subfield></datafield></record></collection>